%% This BibTeX bibliography file was created using BibDesk.
%% https://bibdesk.sourceforge.io/

%% Created for Nguyen Kim Thang at 2023-02-10 14:32:21 +0100


%% Saved with string encoding Unicode (UTF-8)



@inproceedings{GrigorescuLin22:Learning-Augmented-Algorithms,
	author = {Elena Grigorescu and Young-San Lin and Sandeep Silwal and Maoyuan Song and Samson Zhou},
	booktitle = {Advances in Neural Information Processing Systems},
	date-added = {2023-02-10 14:32:06 +0100},
	date-modified = {2023-02-10 14:32:18 +0100},
	title = {Learning-Augmented Algorithms for Online Linear and Semidefinite Programming},
	year = {2022},
	bdsk-url-1 = {https://openreview.net/forum?id=KzC7Pejhp3z}}

@article{ChekuriVondrak14:Submodular-function,
	author = {Chekuri, Chandra and Vondrak, Jan and Zenklusen, Rico},
	date-added = {2021-02-04 14:52:38 +0100},
	date-modified = {2021-02-04 21:37:19 +0100},
	journal = {SIAM Journal on Computing},
	number = {6},
	pages = {1831--1879},
	title = {Submodular function maximization via the multilinear relaxation and contention resolution schemes},
	volume = {43},
	year = {2014}}

@inproceedings{HsuIndyk19:Learning-Based-Frequency,
	author = {Hsu, Chen-Yu and Indyk, Piotr and Katabi, Dina and Vakilian, Ali},
	booktitle = {Proc. Conference on Learning Representations},
	date-added = {2021-02-04 11:03:01 +0100},
	date-modified = {2021-02-04 11:03:09 +0100},
	title = {Learning-Based Frequency Estimation Algorithms.},
	year = {2019}}

@inproceedings{Mitzenmacher18:A-model-for-learned,
	author = {Mitzenmacher, Michael},
	booktitle = {Proc. Conference on Neural Information Processing Systems},
	date-added = {2021-02-04 11:00:26 +0100},
	date-modified = {2021-02-04 11:01:45 +0100},
	pages = {464-473},
	title = {A model for learned bloom filters, and optimizing by sandwiching},
	year = {2018}}

@inproceedings{KraskaBeutel18:The-case-for-learned,
	author = {Kraska, Tim and Beutel, Alex and Chi, Ed H and Dean, Jeffrey and Polyzotis, Neoklis},
	booktitle = {Proc. Conference on Management of Data},
	date-added = {2021-02-04 10:58:46 +0100},
	date-modified = {2021-02-04 10:58:59 +0100},
	pages = {489--504},
	title = {The case for learned index structures},
	year = {2018}}

@article{IwataFleischer01:A-combinatorial-strongly,
	author = {Iwata, Satoru and Fleischer, Lisa and Fujishige, Satoru},
	date-added = {2021-02-04 10:50:13 +0100},
	date-modified = {2021-02-04 10:50:13 +0100},
	journal = {Journal of the ACM (JACM)},
	number = {4},
	pages = {761--777},
	title = {A combinatorial strongly polynomial algorithm for minimizing submodular functions},
	volume = {48},
	year = {2001}}

@article{BuchbinderFeldman15:A-tight-linear,
	author = {Buchbinder, Niv and Feldman, Moran and Seffi, Joseph and Schwartz, Roy},
	date-added = {2021-02-04 10:44:01 +0100},
	date-modified = {2021-02-04 10:44:01 +0100},
	journal = {SIAM Computing},
	number = {5},
	pages = {1384--1402},
	title = {A tight linear time (1/2)-approximation for unconstrained submodular maximization},
	volume = {44},
	year = {2015}}

@inproceedings{BianLevy17:Non-monotone-Continuous,
	author = {Andrew An Bian and Kfir Levy and Andreas Krause and Joachim M. Buhmann},
	booktitle = {Neural Information Processing Systems (NIPS)},
	date-added = {2021-02-04 10:43:33 +0100},
	date-modified = {2021-02-04 10:43:33 +0100},
	title = {Continuous {DR}-submodular Maximization: Structure and Algorithms},
	year = {2017}}

@article{Bachothers13:Learning-with,
	author = {Bach, Francis and others},
	date-added = {2021-02-04 10:40:23 +0100},
	date-modified = {2021-02-04 10:40:23 +0100},
	journal = {Foundations and Trends{\textregistered} in Machine Learning},
	number = {2-3},
	pages = {145--373},
	title = {Learning with submodular functions: A convex optimization perspective},
	volume = {6},
	year = {2013}}

@article{Bach16:Submodular-functions:,
	author = {Bach, Francis},
	date-added = {2021-02-04 10:40:23 +0100},
	date-modified = {2021-02-04 10:40:23 +0100},
	journal = {Mathematical Programming},
	pages = {1--41},
	title = {Submodular functions: from discrete to continuous domains},
	year = {2016}}

@inproceedings{Thang20:Online-Primal-Dual,
	author = {Nguyen Kim Thang},
	booktitle = {Proc. 31st International Symposium on Algorithms and Computation},
	date-added = {2021-02-04 10:31:13 +0100},
	date-modified = {2021-02-04 10:31:44 +0100},
	title = {Online Primal-Dual Algorithms with Configuration Linear Programs},
	year = {2020}}

@inbook{MitzenmacherVassilvitskii20:Beyond-the-Worst-Case,
	author = {Michael Mitzenmacher and Sergei Vassilvitskii and Tim Roughgarden},
	chapter = {Algorithms with Predictions},
	date-added = {2021-02-04 10:12:38 +0100},
	date-modified = {2021-02-04 10:13:30 +0100},
	publisher = {Cambridge University Press},
	title = {Beyond the Worst-Case Analysis of Algorithms},
	year = {2020}}

@book{WilliamsonShmoys11:The-design-of-approximation,
	author = {Williamson, David P and Shmoys, David B},
	date-added = {2021-02-03 19:19:00 +0100},
	date-modified = {2021-02-03 19:19:08 +0100},
	publisher = {Cambridge University Press},
	title = {The design of approximation algorithms},
	year = {2011}}

@inproceedings{BamasMaggiori20:The-Primal-Dual-method,
	author = {Bamas, Etienne and Maggiori, Andreas and Svensson, Ola},
	booktitle = {Proc. 34th Conference on Neural Information Processing Systems},
	date-added = {2021-02-03 19:16:56 +0100},
	date-modified = {2021-02-03 19:18:01 +0100},
	title = {The Primal-Dual method for Learning Augmented Algorithms},
	year = {2020}}

@inproceedings{KumarPurohit18:Improving-online,
	author = {Kumar, Ravi and Purohit, Manish and Svitkina, Zoya},
	booktitle = {Proc. 32nd Conference on Neural Information Processing Systems},
	date-added = {2021-02-03 19:15:22 +0100},
	date-modified = {2021-02-03 19:15:46 +0100},
	pages = {9684--9693},
	title = {Improving online algorithms via ml predictions},
	year = {2018}}

@inproceedings{GollapudiPanigrahi19:Online-algorithms,
	author = {Gollapudi, Sreenivas and Panigrahi, Debmalya},
	booktitle = {International Conference on Machine Learning},
	date-added = {2021-02-03 19:13:54 +0100},
	date-modified = {2021-02-03 19:14:00 +0100},
	pages = {2319--2327},
	title = {Online algorithms for rent-or-buy with expert advice},
	year = {2019}}

@inproceedings{AntoniadisCoester20:Online-metric,
	author = {Antoniadis, Antonios and Coester, Christian and Elias, Marek and Polak, Adam and Simon, Bertrand},
	booktitle = {International Conference on Machine Learning},
	date-added = {2021-02-03 19:12:36 +0100},
	date-modified = {2021-02-03 19:12:42 +0100},
	pages = {345--355},
	title = {Online metric algorithms with untrusted predictions},
	year = {2020}}

@inproceedings{Rohatgi20:Near-optimal-bounds,
	author = {Rohatgi, Dhruv},
	booktitle = {Proc. Symposium on Discrete Algorithms},
	date-added = {2021-02-03 19:10:54 +0100},
	date-modified = {2021-02-03 19:11:05 +0100},
	pages = {1834--1845},
	title = {Near-optimal bounds for online caching with machine learned advice},
	year = {2020}}

@inproceedings{Mitzenmacher20:Scheduling-with,
	author = {Mitzenmacher, Michael},
	booktitle = {Proc. 11th Innovations in Theoretical Computer Science Conference},
	date-added = {2021-02-03 19:08:22 +0100},
	date-modified = {2021-02-03 19:08:55 +0100},
	journal = {arXiv preprint arXiv:1902.00732},
	title = {Scheduling with predictions and the price of misprediction},
	year = {2020}}

@inproceedings{LattanziLavastida20:Online-scheduling,
	author = {Lattanzi, Silvio and Lavastida, Thomas and Moseley, Benjamin and Vassilvitskii, Sergei},
	booktitle = {Proc. Symposium on Discrete Algorithms},
	date-added = {2021-02-03 19:05:03 +0100},
	date-modified = {2021-02-03 19:06:21 +0100},
	pages = {1859--1877},
	title = {Online scheduling via learned weights},
	year = {2020}}

@inproceedings{LykourisVassilvtiskii18:Competitive-caching,
	author = {Lykouris, Thodoris and Vassilvtiskii, Sergei},
	booktitle = {International Conference on Machine Learning},
	date-added = {2021-02-03 19:04:06 +0100},
	date-modified = {2021-02-03 19:04:17 +0100},
	pages = {3296--3305},
	title = {Competitive caching with machine learned advice},
	year = {2018}}

@article{Roughgarden19:Beyond-worst-case,
	author = {Roughgarden, Tim},
	date-added = {2021-02-03 19:02:28 +0100},
	date-modified = {2021-02-03 19:02:39 +0100},
	journal = {Communications of the ACM},
	number = {3},
	pages = {88--96},
	title = {Beyond worst-case analysis},
	volume = {62},
	year = {2019}}

@book{Roughgarden20:Beyond-the-Worst-Case,
	author = {Roughgarden, Tim},
	date-added = {2021-02-03 19:01:31 +0100},
	date-modified = {2021-02-03 19:01:56 +0100},
	publisher = {Cambridge University Press},
	title = {Beyond the Worst-Case Analysis of Algorithms},
	year = {2020}}

@book{BorodinEl-Yaniv05:Online-computation,
	author = {Borodin, Allan and El-Yaniv, Ran},
	date-added = {2021-02-03 18:59:59 +0100},
	date-modified = {2021-02-03 19:00:12 +0100},
	publisher = {Cambridge University Press},
	title = {Online computation and competitive analysis},
	year = {2005}}

@article{OrlinSchulz18:Robust-monotone,
	author = {Orlin, James B and Schulz, Andreas S and Udwani, Rajan},
	date-added = {2019-04-26 10:10:26 +0200},
	date-modified = {2019-04-26 10:10:32 +0200},
	journal = {Mathematical Programming},
	number = {1-2},
	pages = {505--537},
	title = {Robust monotone submodular function maximization},
	volume = {172},
	year = {2018}}

@inproceedings{GuptaNagarajan17:Adaptivity-gaps,
	author = {Gupta, Anupam and Nagarajan, Viswanath and Singla, Sahil},
	booktitle = {Proc. 28th Symposium on Discrete Algorithms},
	date-added = {2019-04-26 10:09:21 +0200},
	date-modified = {2019-04-26 10:09:37 +0200},
	pages = {1688--1702},
	title = {Adaptivity gaps for stochastic probing: Submodular and XOS functions},
	year = {2017}}

@article{AdamczykSviridenko16:Submodular-stochastic,
	author = {Adamczyk, Marek and Sviridenko, Maxim and Ward, Justin},
	date-added = {2019-04-26 10:08:56 +0200},
	date-modified = {2019-04-26 10:09:01 +0200},
	journal = {Mathematics of Operations Research},
	number = {3},
	pages = {1022--1038},
	title = {Submodular stochastic probing on matroids},
	volume = {41},
	year = {2016}}

@article{KorulaMirrokni18:Online-submodular,
	author = {Korula, Nitish and Mirrokni, Vahab and Zadimoghaddam, Morteza},
	date-added = {2019-04-26 10:06:53 +0200},
	date-modified = {2019-04-26 10:06:58 +0200},
	journal = {SIAM Journal on Computing},
	number = {3},
	pages = {1056--1086},
	title = {Online submodular welfare maximization: Greedy beats 1/2 in random order},
	volume = {47},
	year = {2018}}

@article{FeldmanZenklusen18:The-submodular-secretary,
	author = {Feldman, Moran and Zenklusen, Rico},
	date-added = {2019-04-26 10:06:18 +0200},
	date-modified = {2019-04-26 10:06:23 +0200},
	journal = {SIAM Journal on Computing},
	number = {2},
	pages = {330--366},
	title = {The submodular secretary problem goes linear},
	volume = {47},
	year = {2018}}

@article{BateniHajiaghayi13:Submodular-secretary,
	author = {Bateni, MohammadHossein and Hajiaghayi, Mohammadtaghi and Zadimoghaddam, Morteza},
	date-added = {2019-04-26 10:05:40 +0200},
	date-modified = {2019-04-26 10:05:47 +0200},
	journal = {ACM Transactions on Algorithms (TALG)},
	number = {4},
	pages = {32},
	title = {Submodular secretary problem and extensions},
	volume = {9},
	year = {2013}}

@inproceedings{RubinsteinSingla17:Combinatorial-prophet,
	author = {Rubinstein, Aviad and Singla, Sahil},
	booktitle = {Proc. 28th Symposium on Discrete Algorithms},
	date-added = {2019-04-26 10:03:05 +0200},
	date-modified = {2019-04-26 10:03:22 +0200},
	pages = {1671--1687},
	title = {Combinatorial prophet inequalities},
	year = {2017}}

@unpublished{Vondrak10:Polyhedral-techniques,
	author = {Jan Vondr\'ak},
	date-added = {2018-04-22 15:29:08 +0000},
	date-modified = {2018-04-22 15:29:08 +0000},
	month = {Nov 18},
	note = {Lecture notes},
	title = {Polyhedral techniques in combinatorial optimization},
	year = {2010}}

@inproceedings{Thang18:A-Greedy-Algorithm,
	author = {Kim Thang Nguyen},
	booktitle = {16th Scandinavian Symposium and Workshops on Algorithm Theory (SWAT)},
	date-added = {2018-04-22 15:15:39 +0000},
	date-modified = {2018-04-22 15:17:18 +0000},
	title = {A Greedy Algorithm for Subspace Approximation},
	year = {2018 (to appear)}}

@inproceedings{DeshpandeTulsiani11:Algorithms-and-hardness,
	author = {Deshpande, Amit and Tulsiani, Madhur and Vishnoi, Nisheeth K},
	booktitle = {Proc. 22nd Symposium on Discrete Algorithms},
	date-added = {2018-04-22 15:14:51 +0000},
	date-modified = {2018-04-22 15:14:51 +0000},
	pages = {482--496},
	title = {Algorithms and hardness for subspace approximation},
	year = {2011}}

@article{GuruswamiRaghavendra16:Bypassing-UGC-from,
	author = {Guruswami, Venkatesan and Raghavendra, Prasad and Saket, Rishi and Wu, Yi},
	date-added = {2018-04-22 15:14:51 +0000},
	date-modified = {2018-04-22 15:14:51 +0000},
	journal = {ACM Transactions on Algorithms},
	number = {1},
	pages = {6},
	title = {Bypassing {UGC} from Some Optimal Geometric Inapproximability Results},
	volume = {12},
	year = {2016}}

@inproceedings{FeldmanNaor11:A-unified-continuous,
	author = {Feldman, Moran and Naor, Joseph and Schwartz, Roy},
	booktitle = {Symposium on Foundations of Computer Science (FOCS)},
	date-added = {2018-01-18 10:50:40 +0000},
	date-modified = {2018-01-18 10:51:07 +0000},
	pages = {570--579},
	title = {A unified continuous greedy algorithm for submodular maximization},
	year = {2011}}

@inproceedings{BuchbinderNaor12:Approximation-algorithms,
	author = {Buchbinder, Niv and Naor, Joseph Seffi and Ravi, R and Singh, Mohit},
	booktitle = {International Colloquium on Automata, Languages, and Programming},
	date-added = {2018-01-18 10:28:49 +0000},
	date-modified = {2018-01-18 10:29:01 +0000},
	pages = {145--156},
	title = {Approximation algorithms for online weighted rank function maximization under matroid constraints},
	year = {2012}}

@incollection{KrauseGolovin14:Submodular-Function,
	author = {Andreas Krause and Daniel Golovin},
	booktitle = {Tractability: Practical Approaches to Hard Problems},
	date-added = {2018-01-17 14:55:42 +0000},
	date-modified = {2018-01-17 14:56:11 +0000},
	pages = {71--104},
	publisher = {Cambridge University Press},
	title = {Submodular Function Maximization},
	year = {2014},
	bdsk-url-1 = {https://doi.org/10.1017/CBO9781139177801.004},
	bdsk-url-2 = {http://dx.doi.org/10.1017/CBO9781139177801.004}}

@article{Chuzhoy14:Flows-Cuts,
	author = {Julia Chuzhoy},
	date-added = {2017-10-25 11:14:57 +0000},
	date-modified = {2017-10-25 11:14:57 +0000},
	journal = {International Congress of Mathematics},
	title = {Flows, Cuts and Integral Routing in Graphs -- an Approximation Algorithmist's Perspective},
	year = {2014}}

@inproceedings{ChalermsookChuzhoy12:Approximation-algorithms,
	author = {Chalermsook, Parinya and Chuzhoy, Julia and Ene, Alina and Li, Shi},
	booktitle = {Proc. 44th Symposium on Theory of Computing},
	date-added = {2017-10-19 09:29:21 +0000},
	date-modified = {2017-10-19 09:29:42 +0000},
	pages = {689--708},
	title = {Approximation algorithms and hardness of integral concurrent flow},
	year = {2012}}

@article{Chuzhoy16:Routing-in-undirected,
	author = {Chuzhoy, Julia},
	date-added = {2017-10-02 13:34:04 +0000},
	date-modified = {2017-10-02 13:34:09 +0000},
	journal = {SIAM Journal on Computing},
	number = {4},
	pages = {1490--1532},
	title = {Routing in undirected graphs with constant congestion},
	volume = {45},
	year = {2016}}

@inproceedings{ChekuriKhanna05:Multicommodity-flow,
	author = {Chekuri, Chandra and Khanna, Sanjeev and Shepherd, F Bruce},
	booktitle = {Proc. 37th Symposium on Theory of Computing},
	date-added = {2017-10-02 13:32:42 +0000},
	date-modified = {2017-10-02 13:33:00 +0000},
	pages = {183--192},
	title = {Multicommodity flow, well-linked terminals, and routing problems},
	year = {2005}}

@inproceedings{ChekuriEne13:Poly-logarithmic-approximation,
	author = {Chekuri, Chandra and Ene, Alina},
	booktitle = {Proc. 24th Symposium on Discrete Algorithms},
	date-added = {2017-10-02 13:31:29 +0000},
	date-modified = {2017-10-02 13:31:49 +0000},
	pages = {326--341},
	title = {Poly-logarithmic approximation for maximum node disjoint paths with constant congestion},
	year = {2013}}

@article{ChuzhoyLi16:A-polylogarithmic-approximation,
	author = {Chuzhoy, Julia and Li, Shi},
	date-added = {2017-10-02 13:30:36 +0000},
	date-modified = {2017-10-02 13:30:40 +0000},
	journal = {Journal of the ACM (JACM)},
	number = {5},
	pages = {45},
	title = {A polylogarithmic approximation algorithm for edge-disjoint paths with congestion 2},
	volume = {63},
	year = {2016}}

@inproceedings{Andrews10:Approximation-algorithms,
	author = {Andrews, Matthew},
	booktitle = {Proc. 51st Symposium on Foundations of Computer Science},
	date-added = {2017-10-02 13:29:12 +0000},
	date-modified = {2017-10-02 13:29:35 +0000},
	pages = {277--286},
	title = {Approximation algorithms for the edge-disjoint paths problem via Raecke decompositions},
	year = {2010}}

@article{RaoZhou10:Edge-disjoint,
	author = {Rao, Satish and Zhou, Shuheng},
	date-added = {2017-10-02 13:28:08 +0000},
	date-modified = {2017-10-02 13:28:16 +0000},
	journal = {SIAM Journal on Computing},
	number = {5},
	pages = {1856--1887},
	title = {Edge disjoint paths in moderately connected graphs},
	volume = {39},
	year = {2010}}

@inproceedings{Racke02:Minimizing-congestion,
	author = {Racke, Harald},
	booktitle = {Proc. 43rd Symposium on Foundations of Computer Science},
	date-added = {2017-10-02 13:26:25 +0000},
	date-modified = {2017-10-02 13:26:58 +0000},
	pages = {43--52},
	title = {Minimizing congestion in general networks},
	year = {2002}}

@inproceedings{ChuzhoyKim17:New-Hardness-Results,
	author = {Chuzhoy, Julia and Kim, David H. K. and Nimavat, Rachit},
	booktitle = {Proc. 49th Symposium on Theory of Computing},
	date-added = {2017-10-02 13:11:43 +0000},
	date-modified = {2017-10-02 13:12:20 +0000},
	pages = {86--99},
	title = {New Hardness Results for Routing on Disjoint Paths},
	year = {2017},
	bdsk-url-1 = {http://doi.acm.org/10.1145/3055399.3055411},
	bdsk-url-2 = {http://dx.doi.org/10.1145/3055399.3055411}}

@article{RaghavanTompson87:Randomized-rounding:,
	author = {Raghavan, Prabhakar and Tompson, Clark D},
	date-added = {2017-10-02 13:10:12 +0000},
	date-modified = {2017-10-02 13:10:17 +0000},
	journal = {Combinatorica},
	number = {4},
	pages = {365--374},
	title = {Randomized rounding: a technique for provably good algorithms and algorithmic proofs},
	volume = {7},
	year = {1987}}

@article{AndrewsChuzhoy10:Inapproximability-of-edge-disjoint,
	author = {Andrews, Matthew and Chuzhoy, Julia and Guruswami, Venkatesan and Khanna, Sanjeev and Talwar, Kunal and Zhang, Lisa},
	date-added = {2017-10-02 13:09:10 +0000},
	date-modified = {2017-10-02 13:09:17 +0000},
	journal = {Combinatorica},
	number = {5},
	pages = {485--520},
	title = {Inapproximability of edge-disjoint paths and low congestion routing on undirected graphs},
	volume = {30},
	year = {2010}}

@inproceedings{BuchbinderFeldman15:Online-submodular,
	author = {Buchbinder, Niv and Feldman, Moran and Schwartz, Roy},
	booktitle = {Proc. 26th Symposium on Discrete Algorithms},
	date-added = {2017-07-11 14:10:29 +0000},
	date-modified = {2017-07-11 14:10:45 +0000},
	pages = {1202--1216},
	title = {Online submodular maximization with preemption},
	year = {2015}}

@inproceedings{KrishnaswamyNagarajan14:Cluster-before,
	author = {Krishnaswamy, Ravishankar and Nagarajan, Viswanath and Pruhs, Kirk and Stein, Cliff},
	booktitle = {Proc. 46th Symposium on Theory of computing},
	date-added = {2017-07-11 13:08:34 +0000},
	date-modified = {2017-07-11 13:08:52 +0000},
	pages = {734--743},
	title = {Cluster before you hallucinate: approximating node-capacitated network design and energy efficient routing},
	year = {2014}}

@inproceedings{FeldmanSvensson16:Online-contention,
	author = {Feldman, Moran and Svensson, Ola and Zenklusen, Rico},
	booktitle = {Proc. 27th Symposium on Discrete Algorithms},
	date-added = {2017-07-10 09:34:02 +0000},
	date-modified = {2017-07-10 09:34:17 +0000},
	pages = {1014--1033},
	title = {Online contention resolution schemes},
	year = {2016}}

@article{SviridenkoVondrak17:Optimal-approximation,
	author = {Sviridenko, Maxim and Vondr{\'a}k, Jan and Ward, Justin},
	date-added = {2017-07-10 09:07:06 +0000},
	date-modified = {2017-07-10 09:07:12 +0000},
	journal = {Mathematics of Operations Research},
	title = {Optimal approximation for submodular and supermodular optimization with bounded curvature},
	year = {2017}}

@article{Vondrak10:Submodularity-and-Curvature:,
	author = {Vondr{\'a}k, Jan},
	date-added = {2017-07-10 09:06:06 +0000},
	date-modified = {2017-07-10 09:06:38 +0000},
	journal = {RIMS Kokyuroku Bessatsu},
	title = {Submodularity and Curvature: The Optimal Algorithm},
	year = {2010}}

@inproceedings{IyerJegelka13:Curvature-and-optimal,
	author = {Iyer, Rishabh K and Jegelka, Stefanie and Bilmes, Jeff A},
	booktitle = {Advances in Neural Information Processing Systems},
	date-added = {2017-07-10 09:04:15 +0000},
	date-modified = {2017-07-10 09:04:18 +0000},
	pages = {2742--2750},
	title = {Curvature and optimal algorithms for learning and minimizing submodular functions},
	year = {2013}}

@inproceedings{BalcanHarvey12:Learning-Submodular,
	author = {Maria{-}Florina Balcan and Nicholas J. A. Harvey},
	booktitle = {Proc. Machine Learning and Knowledge Discovery in Databases},
	date-added = {2017-07-10 09:02:10 +0000},
	date-modified = {2017-07-10 09:02:46 +0000},
	pages = {846--849},
	title = {Learning Submodular Functions},
	year = {2012},
	bdsk-url-1 = {https://doi.org/10.1007/978-3-642-33486-3_61},
	bdsk-url-2 = {http://dx.doi.org/10.1007/978-3-642-33486-3_61}}

@inproceedings{GoemansHarvey09:Approximating-submodular,
	author = {Goemans, Michel X and Harvey, Nicholas JA and Iwata, Satoru and Mirrokni, Vahab},
	booktitle = {Proc. 20th Symposium on Discrete algorithms},
	date-added = {2017-07-10 08:58:48 +0000},
	date-modified = {2017-07-10 08:59:05 +0000},
	pages = {535--544},
	title = {Approximating submodular functions everywhere},
	year = {2009}}

@article{ConfortiCornuejols84:Submodular-set-functions,
	author = {Conforti, Michele and Cornu{\'e}jols, G{\'e}rard},
	date-added = {2017-07-10 08:42:40 +0000},
	date-modified = {2017-07-10 08:42:45 +0000},
	journal = {Discrete applied mathematics},
	number = {3},
	pages = {251--274},
	title = {Submodular set functions, matroids and the greedy algorithm: tight worst-case bounds and some generalizations of the Rado-Edmonds theorem},
	volume = {7},
	year = {1984}}

@article{BuchbinderNaor09:Online-primal-dual,
	author = {Buchbinder, Niv and Naor, Joseph},
	date-added = {2017-07-10 08:22:30 +0000},
	date-modified = {2017-07-10 08:22:36 +0000},
	journal = {Mathematics of Operations Research},
	number = {2},
	pages = {270--286},
	title = {Online primal-dual algorithms for covering and packing},
	volume = {34},
	year = {2009}}

@inproceedings{NagarajanShen17:Online-Covering,
	author = {Viswanath Nagarajan and Xiangkun Shen},
	booktitle = {Proc. 44th Colloquium on Automata, Languages and Programming (ICALP)},
	date-added = {2017-07-07 11:48:08 +0000},
	date-modified = {2017-10-29 08:53:57 +0000},
	title = {Online Covering with Sum of $\ell_{q}$-Norm Objectives},
	year = {2017},
	bdsk-url-1 = {http://arxiv.org/abs/1705.02194}}

@inproceedings{AzarBhaskar13:Online-mixed,
	author = {Azar, Yossi and Bhaskar, Umang and Fleischer, Lisa and Panigrahi, Debmalya},
	booktitle = {Proceedings of the 24th Annual ACM-SIAM Symposium on Discrete Algorithms},
	date-added = {2017-04-20 20:49:01 +0000},
	date-modified = {2017-04-20 20:49:18 +0000},
	pages = {85--100},
	title = {Online mixed packing and covering},
	year = {2013}}

@inproceedings{CohenDurr12:Smooth-inequalities,
	author = {Cohen, Johanne and D{\"u}rr, Christoph and Thang, Nguyen Kim},
	booktitle = {International Workshop on Internet and Network Economics},
	date-added = {2017-04-20 20:02:57 +0000},
	date-modified = {2017-04-20 20:03:03 +0000},
	pages = {350--363},
	title = {Smooth inequalities and equilibrium inefficiency in scheduling games},
	year = {2012}}

@article{Fotakis08:On-the-competitive-ratio,
	author = {Fotakis, Dimitris},
	date-added = {2017-04-20 13:07:37 +0000},
	date-modified = {2017-04-20 13:07:41 +0000},
	journal = {Algorithmica},
	number = {1},
	pages = {1--57},
	title = {On the competitive ratio for online facility location},
	volume = {50},
	year = {2008}}

@article{Fotakis07:A-primal-dual-algorithm,
	author = {Fotakis, Dimitris},
	date-added = {2017-04-20 13:06:49 +0000},
	date-modified = {2017-04-20 13:06:55 +0000},
	journal = {Journal of Discrete Algorithms},
	number = {1},
	pages = {141--148},
	title = {A primal-dual algorithm for online non-uniform facility location},
	volume = {5},
	year = {2007}}

@inproceedings{Meyerson01:Online-facility,
	author = {Meyerson, Adam},
	booktitle = {Proceedings. 42nd IEEE Symposium on Foundations of Computer Science},
	date-added = {2017-04-20 13:00:12 +0000},
	date-modified = {2017-04-20 13:00:35 +0000},
	pages = {426--431},
	title = {Online facility location},
	year = {2001}}

@article{Hunold15:One-step-toward,
	author = {Hunold, Sascha},
	date-added = {2017-04-20 08:02:54 +0000},
	date-modified = {2017-04-20 08:03:01 +0000},
	journal = {Concurrency and Computation: Practice and Experience},
	number = {4},
	pages = {1010--1026},
	title = {One step toward bridging the gap between theory and practice in moldable task scheduling with precedence constraints},
	volume = {27},
	year = {2015}}

@article{GuptaNagarajan14:Approximating-sparse,
	author = {Gupta, Anupam and Nagarajan, Viswanath},
	date-added = {2017-04-14 09:31:50 +0000},
	date-modified = {2017-04-14 09:31:56 +0000},
	journal = {Mathematics of Operations Research},
	number = {4},
	pages = {998--1011},
	title = {Approximating sparse covering integer programs online},
	volume = {39},
	year = {2014}}

@inproceedings{HuangKim15:Welfare-maximization,
	author = {Huang, Zhiyi and Kim, Anthony},
	booktitle = {Proceedings of the Twenty-Sixth Annual ACM-SIAM Symposium on Discrete Algorithms},
	date-added = {2016-11-18 16:43:48 +0000},
	date-modified = {2016-11-18 16:43:53 +0000},
	organization = {SIAM},
	pages = {59--72},
	title = {Welfare maximization with production costs: a primal dual approach},
	year = {2015}}

@inproceedings{BlumGupta11:Welfare-and-profit,
	author = {Blum, Avrim and Gupta, Anupam and Mansour, Yishay and Sharma, Ankit},
	booktitle = {Foundations of Computer Science (FOCS), 2011 IEEE 52nd Annual Symposium on},
	date-added = {2016-11-18 16:42:48 +0000},
	date-modified = {2016-11-18 16:42:50 +0000},
	organization = {IEEE},
	pages = {77--86},
	title = {Welfare and profit maximization with production costs},
	year = {2011}}

@inproceedings{MenacheSingh15:Online-Caching,
	author = {Menache, Ishai and Singh, Mohit},
	booktitle = {Proceedings of the 27th ACM symposium on Parallelism in Algorithms and Architectures},
	date-added = {2016-11-18 16:40:24 +0000},
	date-modified = {2016-11-18 16:40:27 +0000},
	organization = {ACM},
	pages = {46--54},
	title = {Online Caching with Convex Costs},
	year = {2015}}

@inproceedings{AzarDevanur15:Speed-Scaling,
	author = {Yossi Azar and Nikhil R. Devanur and Zhiyi Huang and Debmalya Panigrahi},
	booktitle = {Proc. 27th {ACM} on Symposium on Parallelism in Algorithms and Architectures},
	date-added = {2016-11-18 16:38:53 +0000},
	date-modified = {2016-11-18 16:38:53 +0000},
	pages = {133--142},
	title = {Speed Scaling in the Non-clairvoyant Model},
	year = {2015},
	bdsk-url-1 = {http://doi.acm.org/10.1145/2755573.2755582},
	bdsk-url-2 = {http://dx.doi.org/10.1145/2755573.2755582}}

@inproceedings{AzarEpstein05:Convex-programming,
	author = {Azar, Yossi and Epstein, Amir},
	booktitle = {Proceedings of the thirty-seventh annual ACM symposium on Theory of computing},
	date-added = {2016-11-18 15:30:21 +0000},
	date-modified = {2016-11-18 15:30:24 +0000},
	organization = {ACM},
	pages = {331--337},
	title = {Convex programming for scheduling unrelated parallel machines},
	year = {2005}}

@inproceedings{AzarBuchbinder16:Online-Algorithms,
	author = {Azar, Yossi and Buchbinder, Niv and Chan, TH Hubert and Chen, Shahar and Cohen, Ilan Reuven and Gupta, Anupam and Huang, Zhiyi and Kang, Ning and Viswanath Nagarajan and Joseph Seffi Naor and Panigrahi, Debmalya},
	booktitle = {Proc. Symposium on Foundations of Computer Science (FOCS)},
	date-added = {2016-11-18 15:29:42 +0000},
	date-modified = {2017-04-14 10:27:53 +0000},
	title = {Online Algorithms for Covering and Packing Problems with Convex Objectives},
	year = {2016}}

@article{KlingPietrzyk15:Profitable-scheduling,
	author = {Kling, Peter and Pietrzyk, Peter},
	date-added = {2016-11-16 09:13:24 +0000},
	date-modified = {2016-11-16 09:13:27 +0000},
	journal = {ACM Transactions on Parallel Computing},
	number = {3},
	pages = {19},
	publisher = {ACM},
	title = {Profitable scheduling on multiple speed-scalable processors},
	volume = {2},
	year = {2015}}

@inproceedings{ImKell15:Tight-bounds,
	author = {Im, Sungjin and Kell, Nathaniel and Kulkarni, Janardhan and Panigrahi, Debmalya},
	booktitle = {Foundations of Computer Science (FOCS), 2015 IEEE 56th Annual Symposium on},
	date-added = {2016-11-15 13:53:34 +0000},
	date-modified = {2016-11-15 13:53:36 +0000},
	organization = {IEEE},
	pages = {525--544},
	title = {Tight bounds for online vector scheduling},
	year = {2015}}

@article{ChekuriKhanna04:On-multidimensional-packing,
	author = {Chekuri, Chandra and Khanna, Sanjeev},
	date-added = {2016-11-15 13:52:31 +0000},
	date-modified = {2016-11-15 13:52:33 +0000},
	journal = {SIAM journal on computing},
	number = {4},
	pages = {837--851},
	publisher = {SIAM},
	title = {On multidimensional packing problems},
	volume = {33},
	year = {2004}}

@inproceedings{FioriniMassar12:Linear-vs.-semidefinite,
	author = {Fiorini, Samuel and Massar, Serge and Pokutta, Sebastian and Tiwary, Hans Raj and de Wolf, Ronald},
	booktitle = {Proc. 44th ACM Symposium on Theory of Computing},
	date-added = {2016-03-24 09:12:27 +0000},
	date-modified = {2016-03-24 09:12:53 +0000},
	pages = {95--106},
	title = {Linear vs. semidefinite extended formulations: exponential separation and strong lower bounds},
	year = {2012}}

@inproceedings{Andrews04:Hardness-of-buy-at-bulk,
	author = {Andrews, Matthew},
	booktitle = {Foundations of Computer Science, 2004. Proceedings. 45th Annual IEEE Symposium on},
	date-added = {2016-03-24 08:03:51 +0000},
	date-modified = {2016-03-24 08:03:57 +0000},
	pages = {115--124},
	title = {Hardness of buy-at-bulk network design},
	year = {2004}}

@inproceedings{Meyerson04:Online-algorithms,
	author = {Meyerson, Adam},
	booktitle = {Proc. 16th Symposium on Parallelism in algorithms and architectures},
	date-added = {2016-03-24 07:59:11 +0000},
	date-modified = {2016-03-24 07:59:34 +0000},
	pages = {275--280},
	title = {Online algorithms for network design},
	year = {2004}}

@article{AgrawalKlein95:When-trees,
	author = {Agrawal, Ajit and Klein, Philip and Ravi, R},
	date-added = {2016-03-23 11:33:46 +0000},
	date-modified = {2016-03-23 11:33:52 +0000},
	journal = {SIAM Journal on Computing},
	number = {3},
	pages = {440--456},
	title = {When trees collide: An approximation algorithm for the generalized Steiner problem on networks},
	volume = {24},
	year = {1995}}

@inproceedings{MakarychevSviridenko14:Solving-optimization,
	author = {Makarychev, Konstantin and Sviridenko, Maxim},
	booktitle = {Proc. 55th Symposium on Foundations of Computer Science},
	date-added = {2016-03-23 11:06:16 +0000},
	date-modified = {2016-03-23 11:06:39 +0000},
	pages = {571--580},
	title = {Solving optimization problems with diseconomies of scale via decoupling},
	year = {2014}}

@inproceedings{AwerbuchAzar97:Buy-at-bulk-network,
	author = {Awerbuch, Baruch and Azar, Yossi},
	booktitle = {Proc. 38th Symposium on Foundations of Computer Science},
	date-added = {2016-03-23 10:55:16 +0000},
	date-modified = {2016-03-23 10:55:42 +0000},
	pages = {542--547},
	title = {Buy-at-bulk network design},
	year = {1997}}

@article{Roughgarden15:Intrinsic-Robustness,
	author = {Roughgarden, Tim},
	date-added = {2016-03-23 10:42:54 +0000},
	date-modified = {2016-03-23 10:43:02 +0000},
	journal = {Journal of the ACM},
	number = {5},
	pages = {32},
	title = {Intrinsic Robustness of the Price of Anarchy},
	volume = {62},
	year = {2015}}

@article{GreinerNonner14:The-bell-is-ringing,
	author = {Greiner, Gero and Nonner, Tim and Souza, Alexander},
	date-added = {2016-03-23 10:20:32 +0000},
	date-modified = {2016-03-23 10:20:37 +0000},
	journal = {Theory of Computing Systems},
	number = {1},
	pages = {24--44},
	title = {The bell is ringing in speed-scaled multiprocessor scheduling},
	volume = {54},
	year = {2014}}

@inproceedings{BampisKononov13:Energy-Efficient,
	author = {Evripidis Bampis and Alexander V. Kononov and Dimitrios Letsios and Giorgio Lucarelli and Maxim Sviridenko},
	booktitle = {Foundations of Software Technology and Theoretical Computer Science (FSTTCS)},
	date-added = {2016-03-23 10:16:39 +0000},
	date-modified = {2016-03-23 10:17:35 +0000},
	pages = {449--460},
	title = {Energy Efficient Scheduling and Routing via Randomized Rounding},
	year = {2013},
	bdsk-url-1 = {http://dx.doi.org/10.4230/LIPIcs.FSTTCS.2013.449}}

@article{GoemansWilliamson95:A-general-approximation,
	author = {Goemans, Michel X and Williamson, David P},
	date-added = {2016-03-21 14:56:42 +0000},
	date-modified = {2016-03-21 14:56:47 +0000},
	journal = {SIAM Journal on Computing},
	number = {2},
	pages = {296--317},
	publisher = {SIAM},
	title = {A general approximation technique for constrained forest problems},
	volume = {24},
	year = {1995}}

@inproceedings{Caragiannis08:Better-bounds,
	author = {Caragiannis, Ioannis},
	booktitle = {Proc. 19th ACM-SIAM Symposium on Discrete Algorithms},
	date-added = {2016-03-21 13:33:29 +0000},
	date-modified = {2016-03-21 13:33:58 +0000},
	pages = {972--981},
	title = {Better bounds for online load balancing on unrelated machines},
	year = {2008}}

@article{ChekuriHajiaghayi10:Approximation-algorithms,
	author = {Chekuri, Chandra and Hajiaghayi, Mohammad Taghi and Kortsarz, Guy and Salavatipour, Mohammad R},
	date-added = {2016-03-21 13:18:15 +0000},
	date-modified = {2016-03-21 13:18:18 +0000},
	journal = {SIAM Journal on Computing},
	number = {5},
	pages = {1772--1798},
	publisher = {SIAM},
	title = {Approximation algorithms for nonuniform buy-at-bulk network design},
	volume = {39},
	year = {2010}}

@inproceedings{EneChakrabarty15:Online-Buy-at-Bulk,
	author = {Ene, Alina and Chakrabarty, Deeparnab and Krishnaswamy, Ravishankar and Panigrahi, Debmalya},
	booktitle = {Proc. 56th Symposium on Foundations of Computer Science (FOCS)},
	date-added = {2016-03-21 12:54:26 +0000},
	date-modified = {2016-03-21 12:54:58 +0000},
	pages = {545--562},
	title = {Online Buy-at-Bulk Network Design},
	year = {2015}}

@article{ImaseWaxman91:Dynamic-Steiner,
	author = {Imase, Makoto and Waxman, Bernard M},
	date-added = {2016-03-21 12:42:56 +0000},
	date-modified = {2016-03-21 12:42:59 +0000},
	journal = {SIAM Journal on Discrete Mathematics},
	number = {3},
	pages = {369--384},
	publisher = {SIAM},
	title = {Dynamic Steiner tree problem},
	volume = {4},
	year = {1991}}

@article{MeyersonMunagala08:Cost-distance:-Two-metric,
	author = {Meyerson, Adam and Munagala, Kamesh and Plotkin, Serge},
	date-added = {2015-12-21 10:16:37 +0000},
	date-modified = {2015-12-21 10:16:50 +0000},
	journal = {SIAM Journal on Computing},
	number = {4},
	pages = {1648--1659},
	title = {Cost-distance: Two metric network design},
	volume = {38},
	year = {2008}}

@inproceedings{ChoudhuryDas15:Rejecting-jobs,
	author = {Anamitra Roy Choudhury and Syamantak Das and Naveen Garg and Amit Kumar},
	booktitle = {Proc. Symposium on Discrete Algorithms},
	date-added = {2015-05-15 12:47:22 +0000},
	date-modified = {2015-05-15 12:47:22 +0000},
	pages = {1114--1133},
	title = {Rejecting jobs to Minimize Load and Maximum Flow-time},
	year = {2015},
	bdsk-url-1 = {http://dx.doi.org/10.1137/1.9781611973730.75}}

@article{Thang14:Lagrangian-Duality,
	author = {Nguyen Kim Thang},
	date-added = {2015-02-12 14:55:03 +0000},
	date-modified = {2015-02-12 14:55:16 +0000},
	journal = {CoRR},
	title = {Lagrangian Duality based Algorithms in Online Scheduling},
	volume = {abs/1408.0965},
	year = {2014},
	bdsk-url-1 = {http://arxiv.org/abs/1408.0965}}

@article{BansalChan12:Improved-Bounds,
	author = {Nikhil Bansal and Ho{-}Leung Chan and Dmitriy Katz and Kirk Pruhs},
	date-added = {2015-01-26 10:12:28 +0000},
	date-modified = {2016-11-09 15:48:03 +0000},
	journal = {Theory of Computing},
	number = {1},
	pages = {209--229},
	title = {Improved Bounds for Speed Scaling in Devices Obeying the Cube-Root Rule},
	volume = {8},
	year = {2012},
	bdsk-url-1 = {http://dx.doi.org/10.4086/toc.2012.v008a009}}

@inproceedings{AndrewsAntonakopoulos10:Minimum-Cost-Network,
	author = {Matthew Andrews and Spyridon Antonakopoulos and Lisa Zhang},
	booktitle = {Proc. 51th Symposium on Foundations of Computer Science (FOCS)},
	date-added = {2015-01-23 15:02:22 +0000},
	date-modified = {2015-01-23 15:03:01 +0000},
	pages = {585--592},
	title = {Minimum-Cost Network Design with (Dis)economies of Scale},
	year = {2010},
	bdsk-url-1 = {http://dx.doi.org/10.1109/FOCS.2010.61}}

@article{AspnesAzar97:On-line-routing,
	author = {James Aspnes and Yossi Azar and Amos Fiat and Serge A. Plotkin and Orli Waarts},
	date-added = {2015-01-23 14:59:03 +0000},
	date-modified = {2015-01-23 14:59:18 +0000},
	journal = {J. {ACM}},
	number = {3},
	pages = {486--504},
	title = {On-line routing of virtual circuits with applications to load balancing and machine scheduling},
	volume = {44},
	year = {1997},
	bdsk-url-1 = {http://doi.acm.org/10.1145/258128.258201},
	bdsk-url-2 = {http://dx.doi.org/10.1145/258128.258201}}

@book{KuroseRoss09:Computer-Networking:,
	author = {James F. Kurose and Keith W. Ross},
	date-added = {2015-01-23 14:56:01 +0000},
	date-modified = {2015-01-23 14:57:00 +0000},
	publisher = {Addison-Wesley Publishing Compagny},
	title = {Computer Networking: A Top-Down Approach},
	year = {2009}}

@article{AndrewsAnta12:Routing-for-Power,
	author = {Matthew Andrews and Antonio Fern{\'{a}}ndez Anta and Lisa Zhang and Wenbo Zhao},
	date-added = {2015-01-23 11:48:40 +0000},
	date-modified = {2015-01-23 11:48:54 +0000},
	journal = {{IEEE/ACM} Trans. Netw.},
	number = {1},
	pages = {285--294},
	title = {Routing for Power Minimization in the Speed Scaling Model},
	volume = {20},
	year = {2012},
	bdsk-url-1 = {http://dx.doi.org/10.1109/TNET.2011.2159864}}

@inproceedings{AntoniadisIm14:Hallucination-Helps:,
	author = {Antonios Antoniadis and Sungjin Im and Ravishankar Krishnaswamy and Benjamin Moseley and Viswanath Nagarajan and Kirk Pruhs and Cliff Stein},
	booktitle = {Proc. 25th {ACM-SIAM} Symposium on Discrete Algorithms (SODA)},
	date-added = {2015-01-23 11:30:58 +0000},
	date-modified = {2015-01-23 11:32:00 +0000},
	pages = {1141--1153},
	title = {Hallucination Helps: Energy Efficient Virtual Circuit Routing},
	year = {2014},
	bdsk-url-1 = {http://dx.doi.org/10.1137/1.9781611973402.84}}

@article{AzarCohen14:Online-Covering,
	author = {Yossi Azar and Ilan Reuven Cohen and Debmalya Panigrahi},
	date-added = {2015-01-22 14:47:05 +0000},
	date-modified = {2015-01-22 14:47:22 +0000},
	journal = {CoRR},
	title = {Online Covering with Convex Objectives and Applications},
	volume = {abs/1412.3507},
	year = {2014},
	bdsk-url-1 = {http://arxiv.org/abs/1412.3507}}

@article{BuchbinderChen14:Online-Packing,
	author = {Niv Buchbinder and Shahar Chen and Anupam Gupta and Viswanath Nagarajan and Joseph Naor},
	date-added = {2015-01-22 14:46:16 +0000},
	date-modified = {2015-01-22 14:46:28 +0000},
	journal = {CoRR},
	title = {Online Packing and Covering Framework with Convex Objectives},
	volume = {abs/1412.8347},
	year = {2014},
	bdsk-url-1 = {http://arxiv.org/abs/1412.8347}}

@article{Huang14:Online-Primal,
	author = {Zhiyi Huang},
	date-added = {2015-01-22 14:40:22 +0000},
	date-modified = {2015-01-22 14:40:51 +0000},
	journal = {{SIGACT} News},
	number = {4},
	pages = {105--119},
	title = {Online Primal Dual: Beyond Linear Programs},
	volume = {45},
	year = {2014},
	bdsk-url-1 = {http://doi.acm.org/10.1145/2696081.2696102},
	bdsk-url-2 = {http://dx.doi.org/10.1145/2696081.2696102}}

@inproceedings{QianWilliamson11:An-Ologn-Competitive-Algorithm,
	author = {Jiawei Qian and David P. Williamson},
	booktitle = {Proc. 38th Colloquium on Automata, Languages and Programming (ICALP)},
	date-added = {2015-01-06 09:48:41 +0000},
	date-modified = {2015-01-06 09:49:46 +0000},
	pages = {37--48},
	title = {An \emph{O}(log\emph{n})-Competitive Algorithm for Online Constrained Forest Problems},
	year = {2011},
	bdsk-url-1 = {http://dx.doi.org/10.1007/978-3-642-22006-7_4}}

@inproceedings{ImKulkarni14:Competitive-Algorithms,
	author = {Sungjin Im and Janardhan Kulkarni and Kamesh Munagala},
	booktitle = {STOC},
	date-added = {2014-07-28 09:22:58 +0000},
	date-modified = {2014-07-28 09:22:58 +0000},
	title = {Competitive Algorithms from Competitive Equilibria: Non-Clairvoyant Scheduling under Polyhedral Constraints},
	year = {2014}}

@inproceedings{FoxIm13:Online-Non-clairvoyant,
	author = {Kyle Fox and Sungjin Im and Janardhan Kulkarni and Benjamin Moseley},
	booktitle = {APPROX-RANDOM},
	date-added = {2014-07-28 09:22:58 +0000},
	date-modified = {2014-07-28 09:22:58 +0000},
	pages = {142-157},
	title = {Online Non-clairvoyant Scheduling to Simultaneously Minimize All Convex Functions},
	year = {2013}}

@inproceedings{ImKulkarni14:SELFISHMIGRATE:-A-Scalable,
	author = {Sungjin Im and Janardhan Kulkarni and Kamesh Munagala and Kirk Pruhs},
	booktitle = {Proc. 55th IEEE Symposium on Foundations of Computer Science},
	date-added = {2014-07-28 09:22:58 +0000},
	date-modified = {2014-10-21 09:18:12 +0000},
	title = {SELFISHMIGRATE: A Scalable Algorithm for Non-clairvoyantly Scheduling Heterogeneous Processors},
	year = {2014}}

@book{BoydVandenberghe04:Convex-Optimization,
	author = {Stephen Boyd and Lieven Vandenberghe},
	date-added = {2014-07-21 12:36:11 +0000},
	date-modified = {2014-07-21 12:36:11 +0000},
	publisher = {Cambridge University Press},
	title = {Convex Optimization},
	year = {2004}}

@inproceedings{ChanLam10:Tradeoff-between,
	author = {Ho-Leung Chan and Tak Wah Lam and Rongbin Li},
	booktitle = {Proc. 8th Workshop on Approximation and Online Algorithms},
	date-added = {2014-07-21 12:35:53 +0000},
	date-modified = {2014-07-21 12:35:53 +0000},
	pages = {59-70},
	title = {Tradeoff between Energy and Throughput for Online Deadline Scheduling},
	year = {2010}}

@inproceedings{YaoDemers95:A-Scheduling-Model,
	author = {F. Frances Yao and Alan J. Demers and Scott Shenker},
	booktitle = {FOCS},
	date-added = {2014-07-21 12:34:46 +0000},
	date-modified = {2014-07-21 12:34:46 +0000},
	pages = {374-382},
	title = {A Scheduling Model for Reduced CPU Energy},
	year = {1995}}

@article{BansalKimbrel07:Speed-scaling,
	author = {Nikhil Bansal and Tracy Kimbrel and Kirk Pruhs},
	date-added = {2014-07-21 12:34:32 +0000},
	date-modified = {2014-07-21 12:34:32 +0000},
	journal = {J. ACM},
	number = {1},
	title = {Speed scaling to manage energy and temperature},
	volume = {54},
	year = {2007}}

@inproceedings{PruhsStein10:How-to-Schedule-When,
	author = {Kirk Pruhs and Clifford Stein},
	booktitle = {APPROX-RANDOM},
	date-added = {2014-07-21 12:34:17 +0000},
	date-modified = {2014-07-21 12:34:17 +0000},
	pages = {352-365},
	title = {How to Schedule When You Have to Buy Your Energy},
	year = {2010}}

@article{BampisDurr12:Speed-scaling,
	author = {Evripidis Bampis and Christoph D\"urr and Fadi Kacem and Ioannis Milis},
	date-added = {2014-03-27 15:12:09 +0000},
	date-modified = {2014-03-27 15:14:09 +0000},
	journal = {Sustainable Computing: Informatics and Systems},
	number = {4},
	pages = {184-189},
	title = {Speed scaling with power down scheduling for agreeable deadlines},
	volume = {2},
	year = {2012}}

@article{HanLam10:Deadline-scheduling,
	author = {Xin Han and Tak Wah Lam and Lap-Kei Lee and Isaac Kar-Keung To and Prudence W. H. Wong},
	date-added = {2014-03-27 15:02:16 +0000},
	date-modified = {2014-03-27 15:02:16 +0000},
	journal = {Theor. Comput. Sci.},
	number = {40-42},
	pages = {3587-3600},
	title = {Deadline scheduling and power management for speed bounded processors},
	volume = {411},
	year = {2010}}

@article{IraniShukla07:Algorithms-for-power,
	author = {Sandy Irani and Sandeep K. Shukla and Rajesh Gupta},
	date-added = {2014-03-27 15:01:16 +0000},
	date-modified = {2014-03-27 15:01:16 +0000},
	journal = {ACM Transactions on Algorithms},
	number = {4},
	title = {Algorithms for power savings},
	volume = {3},
	year = {2007}}

@inproceedings{Thang13:Lagrangian-Duality,
	author = {Kim Thang Nguyen},
	booktitle = {Proc. 21st European Symposium on Algorithms},
	date-added = {2014-03-26 13:33:55 +0000},
	date-modified = {2016-11-20 17:24:04 +0000},
	pages = {755-766},
	title = {Lagrangian Duality in Online Scheduling with Resource Augmentation and Speed Scaling},
	year = {2013}}

@inproceedings{DevanurHuang14:Primal-Dual,
	author = {Nikhil R. Devanur and Zhiyi Huang},
	booktitle = {Proc. 25th ACM-SIAM Symposium on Discrete Algorithms},
	date-added = {2014-03-26 13:20:51 +0000},
	date-modified = {2014-03-26 13:20:51 +0000},
	title = {Primal Dual Gives Almost Optimal Energy Efficient Online Algorithms},
	year = {2014}}

@inproceedings{AlbersAntoniadis12:Race-to-idle:,
	author = {Susanne Albers and Antonios Antoniadis},
	booktitle = {Proc. 23rd ACM-SIAM Symposium on Discrete Algorithms},
	date-added = {2014-03-26 13:17:58 +0000},
	date-modified = {2014-03-26 13:19:24 +0000},
	pages = {1266-1285},
	title = {Race to idle: new algorithms for speed scaling with a sleep state},
	year = {2012}}

@article{Albers10:Energy-efficient-algorithms,
	author = {Susanne Albers},
	date-added = {2014-03-26 13:16:59 +0000},
	date-modified = {2014-03-26 13:17:08 +0000},
	journal = {Commun. ACM},
	number = {5},
	pages = {86-96},
	title = {Energy-efficient algorithms},
	volume = {53},
	year = {2010}}

@article{BuchbinderNaor09:The-Design-of-Competitive,
	author = {Niv Buchbinder and Joseph Naor},
	date-added = {2013-06-19 12:15:09 +0000},
	date-modified = {2013-06-19 12:15:21 +0000},
	journal = {Foundations and Trends in Theoretical Computer Science},
	number = {2-3},
	pages = {93-263},
	title = {The Design of Competitive Online Algorithms via a Primal-Dual Approach},
	volume = {3},
	year = {2009}}

@inproceedings{KlingPietrzyk13:Profitable-Scheduling,
	author = {Peter Kling and Peter Pietrzyk},
	booktitle = {Proc. 25th Symposium on Parallelism in Algorithms and Architectures},
	date-added = {2013-06-14 12:13:02 +0000},
	date-modified = {2013-06-14 12:28:50 +0000},
	title = {Profitable Scheduling on Multiple Speed-Scalable Processors},
	year = {2013}}

@inproceedings{GuptaKrishnaswamy12:Online-Primal-Dual,
	author = {Anupam Gupta and Ravishankar Krishnaswamy and Kirk Pruhs},
	booktitle = {Proc. 10th Workshop on Approximation and Online Algorithms},
	date-added = {2013-06-14 11:46:42 +0000},
	date-modified = {2013-06-14 11:49:15 +0000},
	pages = {173-186},
	title = {Online Primal-Dual for Non-linear Optimization with Applications to Speed Scaling},
	year = {2012}}

@article{ChanLam11:Non-clairvoyant-Scheduling,
	author = {Sze-Hang Chan and Tak Wah Lam and Lap-Kei Lee and Hing-Fung Ting and Pan Zhang},
	date-added = {2013-04-17 10:17:52 +0000},
	date-modified = {2013-04-17 10:18:01 +0000},
	journal = {Chicago J. Theor. Comput. Sci.},
	title = {Non-clairvoyant Scheduling for Weighted Flow Time and Energy on Speed Bounded Processors},
	volume = {2011},
	year = {2011}}

@inproceedings{BansalChan08:Scheduling-for-Speed,
	author = {Nikhil Bansal and Ho-Leung Chan and Tak Wah Lam and Lap-Kei Lee},
	booktitle = {Proc. 35th Colloquium on Automata, Languages and Programming},
	date-added = {2013-04-03 12:46:30 +0000},
	date-modified = {2013-04-03 12:47:17 +0000},
	pages = {409-420},
	title = {Scheduling for Speed Bounded Processors},
	year = {2008}}

@inproceedings{FoxKorupolu13:Weighted-Flowtime,
	author = {Kyle Fox and Madhukar Korupolu},
	booktitle = {Proc. 24th ACM-SIAM Symposium on Discrete Algorithms},
	date-added = {2013-04-03 12:43:09 +0000},
	date-modified = {2013-04-03 12:44:47 +0000},
	pages = {129-143},
	title = {Weighted Flowtime on Capacitated Machines},
	year = {2013}}

@inproceedings{DevanurJain12:Online-matching,
	author = {Nikhil R. Devanur and Kamal Jain},
	booktitle = {Proc. 44th ACM Symposium on Theory of Computing},
	date-added = {2013-04-03 12:39:07 +0000},
	date-modified = {2013-04-03 12:40:19 +0000},
	pages = {137-144},
	title = {Online matching with concave returns},
	year = {2012}}

@inproceedings{BansalKrishnaswamy10:Better-Scalable,
	author = {Nikhil Bansal and Ravishankar Krishnaswamy and Viswanath Nagarajan},
	booktitle = {Proc. 37th Colloquium on Automata, Languages and Programming},
	date-added = {2013-04-02 15:12:55 +0000},
	date-modified = {2013-04-02 15:15:36 +0000},
	pages = {324-335},
	title = {Better Scalable Algorithms for Broadcast Scheduling},
	year = {2010}}

@phdthesis{Im12:Online-Scheduling,
	author = {Sungjin Im},
	date-added = {2013-04-01 10:07:25 +0000},
	date-modified = {2013-04-01 10:09:49 +0000},
	school = {University of Illinois at Urbana-Champaign},
	title = {Online Scheduling Algorithms for Average Flow Time and its Variants},
	year = {2012}}

@article{ImMoseley11:A-tutorial-on-amortized,
	author = {Sungjin Im and Benjamin Moseley and Kirk Pruhs},
	date-added = {2013-04-01 09:18:18 +0000},
	date-modified = {2013-04-01 09:18:26 +0000},
	journal = {SIGACT News},
	number = {2},
	pages = {83-97},
	title = {A tutorial on amortized local competitiveness in online scheduling},
	volume = {42},
	year = {2011}}

@inproceedings{ImMoseley12:Online-scheduling,
	author = {Sungjin Im and Benjamin Moseley and Kirk Pruhs},
	booktitle = {Proc. 23rd ACM-SIAM Symposium on Discrete Algorithms},
	date-added = {2013-04-01 09:03:09 +0000},
	date-modified = {2013-04-01 09:06:35 +0000},
	pages = {1254-1265},
	title = {Online scheduling with general cost functions},
	year = {2012}}

@inproceedings{BansalPruhs12:Weighted-Geometric,
	author = {Nikhil Bansal and Kirk Pruhs},
	booktitle = {Proc. 20th European Symposium on Algorithms},
	date-added = {2013-04-01 08:59:42 +0000},
	date-modified = {2013-06-14 11:47:35 +0000},
	pages = {145-156},
	title = {Weighted Geometric Set Multi-cover via Quasi-uniform Sampling},
	year = {2012}}

@article{KumarMarathe09:A-unified-approach,
	author = {V. S. Anil Kumar and Madhav V. Marathe and Srinivasan Parthasarathy and Aravind Srinivasan},
	date-added = {2013-04-01 08:53:42 +0000},
	date-modified = {2013-04-01 08:53:49 +0000},
	journal = {J. ACM},
	number = {5},
	title = {A unified approach to scheduling on unrelated parallel machines},
	volume = {56},
	year = {2009}}

@article{AzarEpstein04:All-norm-approximation,
	author = {Yossi Azar and Leah Epstein and Yossi Richter and Gerhard J. Woeginger},
	date-added = {2013-04-01 08:52:46 +0000},
	date-modified = {2013-04-01 08:52:53 +0000},
	journal = {J. Algorithms},
	number = {2},
	pages = {120-133},
	title = {All-norm approximation algorithms},
	volume = {52},
	year = {2004}}

@article{LamLee13:Online-Speed,
	author = {Tak Wah Lam and Lap-Kei Lee and Isaac Kar-Keung To and Prudence W. H. Wong},
	date-added = {2013-04-01 08:26:13 +0000},
	date-modified = {2013-04-01 08:26:21 +0000},
	journal = {Algorithmica},
	number = {3},
	pages = {605-633},
	title = {Online Speed Scaling Based on Active Job Count to Minimize Flow Plus Energy},
	volume = {65},
	year = {2013}}

@article{ChanEdmonds11:Nonclairvoyant-Speed,
	author = {Ho-Leung Chan and Jeff Edmonds and Tak Wah Lam and Lap-Kei Lee and Alberto Marchetti-Spaccamela and Kirk Pruhs},
	date-added = {2013-04-01 08:24:31 +0000},
	date-modified = {2013-04-01 08:24:40 +0000},
	journal = {Algorithmica},
	number = {3},
	pages = {507-517},
	title = {Nonclairvoyant Speed Scaling for Flow and Energy},
	volume = {61},
	year = {2011}}

@inproceedings{BansalChan09:Speed-scaling,
	author = {Nikhil Bansal and Ho-Leung Chan and Kirk Pruhs},
	booktitle = {Proc. 20th ACM-SIAM Symposium on Discrete Algorithms},
	date-added = {2013-04-01 07:55:39 +0000},
	date-modified = {2013-04-01 08:09:26 +0000},
	pages = {693-701},
	title = {Speed scaling with an arbitrary power function},
	year = {2009}}

@inproceedings{ChadhaGarg09:A-competitive-algorithm,
	author = {Jivitej S. Chadha and Naveen Garg and Amit Kumar and V. N. Muralidhara},
	booktitle = {Proc. 41st ACM Symposium on Theory of Computing},
	date-added = {2013-04-01 07:31:25 +0000},
	date-modified = {2013-04-01 07:45:13 +0000},
	pages = {679-684},
	title = {A competitive algorithm for minimizing weighted flow time on unrelatedmachines with speed augmentation},
	year = {2009}}

@inproceedings{BansalPruhs04:Server-Scheduling,
	author = {Nikhil Bansal and Kirk Pruhs},
	booktitle = {Proc. 6th Latin American Symposium on Theoretical Informatics},
	date-added = {2013-04-01 07:21:58 +0000},
	date-modified = {2013-04-01 07:46:00 +0000},
	pages = {434-443},
	title = {Server Scheduling in the Weighted $\ell_p$ Norm},
	year = {2004}}

@inproceedings{GuptaIm12:Scheduling-heterogeneous,
	author = {Anupam Gupta and Sungjin Im and Ravishankar Krishnaswamy and Benjamin Moseley and Kirk Pruhs},
	booktitle = {Proc. 23rd ACM-SIAM Symposium on Discrete Algorithms},
	date-added = {2013-03-31 15:59:54 +0000},
	date-modified = {2013-03-31 16:00:32 +0000},
	pages = {1242-1253},
	title = {Scheduling heterogeneous processors isn't as easy as you think},
	year = {2012}}

@inproceedings{GuptaKrishnaswamy10:Nonclairvoyantly-scheduling,
	author = {Anupam Gupta and Ravishankar Krishnaswamy and Kirk Pruhs},
	booktitle = {Green Computing Conference},
	date-added = {2013-03-31 15:58:54 +0000},
	date-modified = {2013-03-31 15:59:10 +0000},
	pages = {165-173},
	title = {Nonclairvoyantly scheduling power-heterogeneous processors},
	year = {2010}}

@article{EdmondsPruhs12:Scalably-scheduling,
	author = {Jeff Edmonds and Kirk Pruhs},
	date-added = {2013-03-31 15:41:32 +0000},
	date-modified = {2013-03-31 15:41:39 +0000},
	journal = {ACM Transactions on Algorithms},
	number = {3},
	pages = {28},
	title = {Scalably scheduling processes with arbitrary speedup curves},
	volume = {8},
	year = {2012}}

@article{Edmonds00:Scheduling-in-the-dark,
	author = {Jeff Edmonds},
	date-added = {2013-03-31 15:36:42 +0000},
	date-modified = {2013-03-31 15:36:49 +0000},
	journal = {Theor. Comput. Sci.},
	number = {1},
	pages = {109-141},
	title = {Scheduling in the dark},
	volume = {235},
	year = {2000}}

@article{MotwaniPhillips94:Non-Clairvoyant-Scheduling,
	author = {Rajeev Motwani and Steven Phillips and Eric Torng},
	date-added = {2013-03-31 15:35:06 +0000},
	date-modified = {2013-03-31 15:35:13 +0000},
	journal = {Theor. Comput. Sci.},
	number = {1},
	pages = {17-47},
	title = {Non-Clairvoyant Scheduling},
	volume = {130},
	year = {1994}}

@article{KalyanasundaramPruhs00:Speed-is-as-powerful,
	author = {Bala Kalyanasundaram and Kirk Pruhs},
	date-added = {2013-03-31 15:17:02 +0000},
	date-modified = {2013-03-31 15:17:09 +0000},
	journal = {J. ACM},
	number = {4},
	pages = {617-643},
	title = {Speed is as powerful as clairvoyance},
	volume = {47},
	year = {2000}}

@inproceedings{AnandGarg12:Resource-augmentation,
	author = {S. Anand and Naveen Garg and Amit Kumar},
	booktitle = {Proc. 23rd ACM-SIAM Symposium on Discrete Algorithms},
	date-added = {2013-03-31 15:15:24 +0000},
	date-modified = {2013-03-31 15:22:01 +0000},
	pages = {1228-1241},
	title = {Resource augmentation for weighted flow-time explained by dual fitting},
	year = {2012}}

@inproceedings{GargKumar07:Minimizing-Average,
	author = {Naveen Garg and Amit Kumar},
	booktitle = {Proc. 48th Symposium on Foundations of Computer Science},
	date-added = {2013-03-31 15:10:59 +0000},
	date-modified = {2013-03-31 15:12:10 +0000},
	pages = {603-613},
	title = {Minimizing Average Flow-time : Upper and Lower Bounds},
	year = {2007}}

@inproceedings{BansalChan09:Weighted-flow,
	author = {Nikhil Bansal and Ho-Leung Chan},
	booktitle = {Proc. 20th ACM-SIAM Symposium on Discrete Algorithms},
	date-added = {2013-03-31 15:00:00 +0000},
	date-modified = {2013-03-31 15:01:24 +0000},
	pages = {1238-1244},
	title = {Weighted flow time does not admit $O(1)$-competitive algorithms},
	year = {2009}}

@article{BecchettiLeonardi06:Online-weighted,
	author = {Luca Becchetti and Stefano Leonardi and Alberto Marchetti-Spaccamela and Kirk Pruhs},
	date-added = {2012-10-02 12:30:22 +0000},
	date-modified = {2012-10-02 12:30:29 +0000},
	journal = {J. Discrete Algorithms},
	number = {3},
	pages = {339-352},
	title = {Online weighted flow time and deadline scheduling},
	volume = {4},
	year = {2006}}

@inproceedings{ChekuriKhanna02:Approximation-schemes,
	author = {Chandra Chekuri and Sanjeev Khanna},
	booktitle = {Proc. 34th ACM Symposium on Theory of Computing (STOC)},
	date-added = {2012-10-02 12:28:23 +0000},
	date-modified = {2012-10-02 12:29:00 +0000},
	pages = {297-305},
	title = {Approximation schemes for preemptive weighted flow time},
	year = {2002}}

@inproceedings{ChekuriKhanna01:Algorithms-for-minimizing,
	author = {Chandra Chekuri and Sanjeev Khanna and An Zhu},
	booktitle = {Proc. 33rd ACM Symposium on Theory of Computing},
	date-added = {2012-10-02 12:26:44 +0000},
	date-modified = {2013-04-03 11:51:57 +0000},
	pages = {84-93},
	title = {Algorithms for minimizing weighted flow time},
	year = {2001}}

@article{BansalDhamdhere07:Minimizing-weighted,
	author = {Nikhil Bansal and Kedar Dhamdhere},
	date-added = {2012-10-02 12:25:29 +0000},
	date-modified = {2012-10-02 12:25:36 +0000},
	journal = {ACM Transactions on Algorithms},
	number = {4},
	title = {Minimizing weighted flow time},
	volume = {3},
	year = {2007}}

@inproceedings{CheungShmoys11:A-Primal-Dual-Approximation,
	author = {Maurice Cheung and David B. Shmoys},
	booktitle = {APPROX-RANDOM},
	date-added = {2012-10-02 11:27:24 +0000},
	date-modified = {2012-10-02 11:28:24 +0000},
	pages = {135-146},
	title = {A Primal-Dual Approximation Algorithm for Min-Sum Single-Machine Scheduling Problems},
	year = {2011}}

@inproceedings{BansalPruhs10:The-Geometry-of-Scheduling,
	author = {Nikhil Bansal and Kirk Pruhs},
	booktitle = {Proc. 51th Symposium on Foundations of Computer Science},
	date-added = {2012-10-02 11:25:50 +0000},
	date-modified = {2013-04-03 11:51:43 +0000},
	pages = {407-414},
	title = {The Geometry of Scheduling},
	year = {2010}}

@article{KravchenkoWerner:11,
	author = {Svetlana A. Kravchenko and Frank Werner},
	date-added = {2012-04-21 19:07:08 +0200},
	date-modified = {2012-04-21 19:07:15 +0200},
	journal = {J. Scheduling},
	number = {5},
	pages = {435-444},
	title = {Parallel machine problems with equal processing times: a survey},
	volume = {14},
	year = {2011}}

@article{BruckerKravchenko:06,
	author = {Peter Brucker and Svetlana A. Kravchenko},
	date-added = {2012-04-21 18:13:18 +0200},
	date-modified = {2012-04-21 18:30:04 +0200},
	journal = {Journal of Mathmatical Modelling and Algorithms},
	number = {2},
	pages = {143-165},
	title = {Scheduling Equal Processing Time Jobs to Minimize the Weighted Number of Late Jobs},
	volume = {5},
	year = {2006}}

@article{LeungYoung:90,
	author = {Joseph Y.-T. Leung and Gilbert H. Young},
	date-added = {2012-04-21 18:10:21 +0200},
	date-modified = {2012-04-21 18:10:39 +0200},
	journal = {Information Processing Letters},
	number = {1},
	pages = {47-50},
	title = {Preemptive Scheduling to Minimize Mean Weighted Flow Time},
	volume = {34},
	year = {1990}}

@article{LenstraKan:78,
	author = {J. K. Lenstra and A. H. G. Rinnooy Kan},
	date-added = {2012-04-21 18:06:13 +0200},
	date-modified = {2012-04-21 18:08:33 +0200},
	journal = {Operations Research},
	pages = {22-35},
	title = {Complexity of scheduling under precedence constraints},
	volume = {26},
	year = {1978}}

@article{Lawler:78,
	author = {Eugene L. Lawler},
	date-added = {2012-04-21 18:04:19 +0200},
	date-modified = {2012-04-21 18:05:37 +0200},
	journal = {Annals of Discrete Mathematics},
	pages = {75-90},
	title = {Sequencing jobs to minimize total weighted completion time subject to precedence constraints},
	volume = {2},
	year = {1978}}

@article{Baptiste:99,
	author = {Philippe Baptiste},
	date-added = {2012-04-21 18:00:24 +0200},
	date-modified = {2012-04-21 18:01:40 +0200},
	journal = {Journal of Scheduling},
	pages = {245-252},
	title = {Polynomial time algorithms for minimizing the weighted number of late jobs on a single machine when processing times are equal},
	volume = {2},
	year = {1999}}

@article{BaptisteBrucker:04,
	author = {Philippe Baptiste and Peter Brucker and Sigrid Knust and Vadim G. Timkovsky},
	date-added = {2012-04-21 17:58:35 +0200},
	date-modified = {2012-04-21 17:58:42 +0200},
	journal = {4OR},
	number = {2},
	pages = {111-127},
	title = {Ten notes on equal-processing-time scheduling},
	volume = {2},
	year = {2004}}

@book{LeungKelly:04,
	author = {Leung, Joseph and Kelly, Laurie and Anderson, James H.},
	date-added = {2012-04-21 16:59:15 +0200},
	date-modified = {2013-03-31 15:21:03 +0000},
	publisher = {CRC Press, Inc.},
	title = {Handbook of Scheduling: Algorithms, Models, and Performance Analysis},
	year = {2004}}

@misc{BaptisteChrobak:06,
	author = {Philippe Baptiste and Marek Chrobak and Christoph D\"urr and Ji\v r\'i Sgall},
	date-added = {2012-04-21 16:33:32 +0200},
	date-modified = {2012-04-21 16:48:41 +0200},
	note = {Page web: http://www-desir.lip6.fr/\~{}durrc/OpenProblems/$1|r_j; pmtn; p_j = p|\sum w_jC_j$/},
	title = {Minimizing total waiting time in preemptive equal job length scheduling}}

@book{LauRavi:11,
	author = {Lap Chi Lau and R. Ravi and Mohit Singh},
	date-added = {2012-04-21 16:30:11 +0200},
	date-modified = {2012-04-21 16:49:18 +0200},
	publisher = {Cambridge University Press},
	title = {Iterative Methods in Combinatorial Optimization},
	year = {2011}}

@article{HallSchulz:97,
	author = {Hall, Leslie A. and Schulz, Andreas S. and Shmoys, David B. and Wein, Joel},
	date-added = {2012-04-20 16:24:39 +0200},
	date-modified = {2012-04-20 16:25:20 +0200},
	journal = {Mathematics of Operarions Research},
	number = {3},
	numpages = {32},
	pages = {513--544},
	title = {Scheduling to minimize average completion time: off-line and on-line approximation algorithms},
	volume = {22},
	year = {1997},
	bdsk-url-1 = {http://dx.doi.org/10.1287/moor.22.3.513}}

@article{GuCaiZengZhangJinDai:2019,
	title = {Energy efficient task allocation and energy scheduling in green energy powered edge computing},
	journal = {Future Generation Computer Systems},
	year = {2019},
	author = {Lin Gu and Jingjing Cai and Deze Zeng and Yu Zhang and Hai Jin and Weiqi Dai}
}

@inproceedings{BalkanskiSinger:2020,
author = {Balkanski, Eric and Singer, Yaron},
title = {A Lower Bound for Parallel Submodular Minimization},
year = {2020},
isbn = {9781450369794},
publisher = {Association for Computing Machinery},
address = {New York, NY, USA},
booktitle = {Proceedings of the 52nd Annual ACM SIGACT Symposium on Theory of Computing},
pages = {130–139},
numpages = {10},
keywords = {Adaptivity, submodular minimization, parallel algorithms},
location = {Chicago, IL, USA},
series = {STOC 2020}
}

@inproceedings{CarrFleischer:2000,
	author = {Carr, Robert D. and Fleischer, Lisa K. and Leung, Vitus J. and Phillips, Cynthia A.},
	title = {Strengthening Integrality Gaps for Capacitated Network Design and Covering Problems},
	year = {2000}
}
