@misc{Tardos2013,
      title={Composable and Efficient Mechanisms},
      author={Vasilis Syrgkanis and Eva Tardos},
      year={2012},
      eprint={1211.1325},
      archivePrefix={arXiv},
      primaryClass={cs.GT},
      url={https://arxiv.org/abs/1211.1325},
}

@misc{Caragiannis2014,
      title={Welfare guarantees for proportional allocations},
      author={Ioannis Caragiannis and Alexandros A. Voudouris},
      year={2014},
      eprint={1402.3447},
      archivePrefix={arXiv},
      primaryClass={cs.GT},
      url={https://arxiv.org/abs/1402.3447},
}

@article{Thang2017,
  author       = {Kim Thang Nguyen},
  title        = {Game Efficiency through Linear Programming Duality},
  journal      = {CoRR},
  volume       = {abs/1708.06499},
  year         = {2017},
  url          = {http://arxiv.org/abs/1708.06499},
  eprinttype    = {arXiv},
  eprint       = {1708.06499},
  timestamp    = {Tue, 01 Mar 2022 13:57:39 +0100},
  biburl       = {https://dblp.org/rec/journals/corr/abs-1708-06499.bib},
  bibsource    = {dblp computer science bibliography, https://dblp.org}
}
